@article{2018:Hu,
  author    = {Junjie Hu and
               Mete Ozay and
               Yan Zhang and
               Takayuki Okatani},
  title     = {Revisiting Single Image Depth Estimation: Toward Higher Resolution
               Maps with Accurate Object Boundaries},
  journal   = {CoRR},
  volume    = {abs/1803.08673},
  year      = {2018},
  url       = {http://arxiv.org/abs/1803.08673},
  eprinttype = {arXiv},
  eprint    = {1803.08673},
  timestamp = {Thu, 17 Nov 2022 10:51:29 +0100},
  biburl    = {https://dblp.org/rec/journals/corr/abs-1803-08673.bib},
  bibsource = {dblp computer science bibliography, https://dblp.org}
}